@article{EtherExperiment,
  title={On the Relative Motion of the Earth and the Luminiferous Ether},
  author={Abraham, Morley Williams Michelson},
  journal={American Journal of Science},
  volume={34},
  year={1887}
}

%%% Einsteins Paper
@article{einstein1905electrodynamics,
  title={On the electrodynamics of moving bodies},
  author={Einstein, Albert and others},
  journal={Annalen der physik},
  volume={17},
  number={10},
  pages={891--921},
  year={1905}
}

@article{hogg1997special,
  title={Special relativity},
  author={Hogg, David W},
  journal={Lecture Notes},
  pages={39-40},
  year={1997},
  publisher={Citeseer}
}
